@article{paper,
      author         = "Sirunyan, Albert M and others",
      title          = "{Search for supersymmetry in events with a photon, jets,
                        $\mathrm {b}$ -jets, and missing transverse momentum in
                        proton–proton collisions at 13 $\,\text {Te}\text {V}$}",
      collaboration  = "CMS",
      journal        = "Eur. Phys. J.",
      volume         = "C79",
      year           = "2019",
      number         = "5",
      pages          = "444",
      doi            = "10.1140/epjc/s10052-019-6926-x,
                        10.1016/epjc/s10052-019-6926-x",
      eprint         = "1901.06726",
      archivePrefix  = "arXiv",
      primaryClass   = "hep-ex",
      reportNumber   = "CMS-SUS-18-002, CERN-EP-2018-353",
      SLACcitation   = "%%CITATION = ARXIV:1901.06726;%%"
}

@article{madanalysis1,
      author         = "Conte, Eric and Fuks, Benjamin and Serret, Guillaume",
      title          = "{MadAnalysis 5, A User-Friendly Framework for Collider
                        Phenomenology}",
      journal        = "Comput. Phys. Commun.",
      volume         = "184",
      year           = "2013",
      pages          = "222-256",
      doi            = "10.1016/j.cpc.2012.09.009",
      eprint         = "1206.1599",
      archivePrefix  = "arXiv",
      primaryClass   = "hep-ph",
      reportNumber   = "IPHC-PHENO-06",
      SLACcitation   = "%%CITATION = ARXIV:1206.1599;%%"
}

@article{madanalysis2,
      author         = "Conte, Eric and Dumont, Béranger and Fuks, Benjamin and
                        Wymant, Chris",
      title          = "{Designing and recasting LHC analyses with MadAnalysis
                        5}",
      journal        = "Eur. Phys. J.",
      volume         = "C74",
      year           = "2014",
      number         = "10",
      pages          = "3103",
      doi            = "10.1140/epjc/s10052-014-3103-0",
      eprint         = "1405.3982",
      archivePrefix  = "arXiv",
      primaryClass   = "hep-ph",
      reportNumber   = "CERN-PH-TH-2014-088, LPSC-14-079, LAPTH-033-14,
                        MCNET-14-11",
      SLACcitation   = "%%CITATION = ARXIV:1405.3982;%%"
}

@article{madanalysis3,
      author         = "Dumont, B. and Fuks, B. and Kraml, S. and Bein, S. and
                        Chalons, G. and Conte, E. and Kulkarni, S. and Sengupta,
                        D. and Wymant, C.",
      title          = "{Toward a public analysis database for LHC new physics
                        searches using MADANALYSIS 5}",
      journal        = "Eur. Phys. J.",
      volume         = "C75",
      year           = "2015",
      number         = "2",
      pages          = "56",
      doi            = "10.1140/epjc/s10052-014-3242-3",
      eprint         = "1407.3278",
      archivePrefix  = "arXiv",
      primaryClass   = "hep-ph",
      reportNumber   = "CERN-PH-TH-2014-109, LAPTH-048-14, LPSC14143",
      SLACcitation   = "%%CITATION = ARXIV:1407.3278;%%"
}

@article{antikt,
      author         = "Cacciari, Matteo and Salam, Gavin P. and Soyez, Gregory",
      title          = "{The anti-$k_t$ jet clustering algorithm}",
      journal        = "JHEP",
      volume         = "04",
      year           = "2008",
      pages          = "063",
      doi            = "10.1088/1126-6708/2008/04/063",
      eprint         = "0802.1189",
      archivePrefix  = "arXiv",
      primaryClass   = "hep-ph",
      reportNumber   = "LPTHE-07-03",
      SLACcitation   = "%%CITATION = ARXIV:0802.1189;%%"
}

@article{madgraph,
      author         = "Alwall, J. and Frederix, R. and Frixione, S. and Hirschi,
                        V. and Maltoni, F. and Mattelaer, O. and Shao, H. -S. and
                        Stelzer, T. and Torrielli, P. and Zaro, M.",
      title          = "{The automated computation of tree-level and
                        next-to-leading order differential cross sections, and
                        their matching to parton shower simulations}",
      journal        = "JHEP",
      volume         = "07",
      year           = "2014",
      pages          = "079",
      doi            = "10.1007/JHEP07(2014)079",
      eprint         = "1405.0301",
      archivePrefix  = "arXiv",
      primaryClass   = "hep-ph",
      reportNumber   = "CERN-PH-TH-2014-064, CP3-14-18, LPN14-066, MCNET-14-09,
                        ZU-TH-14-14",
      SLACcitation   = "%%CITATION = ARXIV:1405.0301;%%"
}

@article{pythia,
      author         = "Sjöstrand, Torbjörn and Ask, Stefan and Christiansen,
                        Jesper R. and Corke, Richard and Desai, Nishita and Ilten,
                        Philip and Mrenna, Stephen and Prestel, Stefan and
                        Rasmussen, Christine O. and Skands, Peter Z.",
      title          = "{An Introduction to PYTHIA 8.2}",
      journal        = "Comput. Phys. Commun.",
      volume         = "191",
      year           = "2015",
      pages          = "159-177",
      doi            = "10.1016/j.cpc.2015.01.024",
      eprint         = "1410.3012",
      archivePrefix  = "arXiv",
      primaryClass   = "hep-ph",
      reportNumber   = "LU-TP-14-36, MCNET-14-22, CERN-PH-TH-2014-190,
                        FERMILAB-PUB-14-316-CD, DESY-14-178, SLAC-PUB-16122",
      SLACcitation   = "%%CITATION = ARXIV:1410.3012;%%"
}

@article{delphes,
      author         = "de Favereau, J. and Delaere, C. and Demin, P. and
                        Giammanco, A. and Lemaître, V. and Mertens, A. and
                        Selvaggi, M.",
      title          = "{DELPHES 3, A modular framework for fast simulation of a
                        generic collider experiment}",
      collaboration  = "DELPHES 3",
      journal        = "JHEP",
      volume         = "02",
      year           = "2014",
      pages          = "057",
      doi            = "10.1007/JHEP02(2014)057",
      eprint         = "1307.6346",
      archivePrefix  = "arXiv",
      primaryClass   = "hep-ex",
      SLACcitation   = "%%CITATION = ARXIV:1307.6346;%%"
}

@article{crosssection,
      author         = "Beenakker, W. and Brensing, S. and Kramer, M. n and
                        Kulesza, A. and Laenen, E. and Motyka, L. and Niessen, I.",
      title          = "{Squark and Gluino Hadroproduction}",
      journal        = "Int. J. Mod. Phys.",
      volume         = "A26",
      year           = "2011",
      pages          = "2637-2664",
      doi            = "10.1142/S0217751X11053560",
      eprint         = "1105.1110",
      archivePrefix  = "arXiv",
      primaryClass   = "hep-ph",
      reportNumber   = "DESY-11-060, ITFA-11-09, ITP-UU-11-13, NIKHEF-2011-011,
                        TTK-11-12",
      SLACcitation   = "%%CITATION = ARXIV:1105.1110;%%"
}

@article{btag,
      author         = "Sirunyan, A. M. and others",
      title          = "{Identification of heavy-flavour jets with the CMS
                        detector in pp collisions at 13 TeV}",
      collaboration  = "CMS",
      journal        = "JINST",
      volume         = "13",
      year           = "2018",
      number         = "05",
      pages          = "P05011",
      doi            = "10.1088/1748-0221/13/05/P05011",
      eprint         = "1712.07158",
      archivePrefix  = "arXiv",
      primaryClass   = "physics.ins-det",
      reportNumber   = "CMS-BTV-16-002, CERN-EP-2017-326",
      SLACcitation   = "%%CITATION = ARXIV:1712.07158;%%"
}